%% This BibTeX bibliography file was created using BibDesk.
%% http://bibdesk.sourceforge.net/

%% Created for gcc at 2012-09-18 23:56:14 -0300 

%% Saved with string encoding Unicode (UTF-8) 

@article{koper2003representing,
	Author = {Koper, R. and Olivier, B.},
	Date-Added = {2012-09-19 02:55:59 +0000},
	Date-Modified = {2012-09-19 02:55:59 +0000},
	Title = {Representing the learning design of units of learning},
	Year = {2003}}

@article{isotani2004chocolato,
	Author = {Isotani, S. and Mizoguchi, R.},
	Date-Added = {2012-07-25 06:31:35 +0000},
	Date-Modified = {2012-07-25 06:32:20 +0000},
	Title = {CHOCOLATO: A Concrete and Helpful Ontology-Aware Collaborative Learning Authoring Tool},
	Year = {2004}}

@article{olivier2005learning,
	Author = {Olivier, B. and Tattersall, C.},
	Date-Added = {2012-07-19 00:45:29 +0000},
	Date-Modified = {2012-07-19 00:45:29 +0000},
	Journal = {Learning Design},
	Pages = {21--40},
	Publisher = {Springer},
	Title = {The learning design specification},
	Year = {2005}}

@article{koper2002educational,
	Author = {Koper, R. and Vogten, H. and Martens, H.},
	Date-Added = {2012-07-19 00:14:38 +0000},
	Date-Modified = {2012-07-19 00:14:38 +0000},
	Title = {Educational Modelling Language 1.1 (EML 1.1)},
	Year = {2002}}

@inproceedings{simon2005simple,
	Author = {Simon, B. and Massart, D. and Van Assche, F. and Ternier, S. and Duval, E. and Brantner, S. and Olmedilla, D. and Mikl{\'o}s, Z.},
	Booktitle = {Proceedings of the 1st Workshop on Interoperability of Web-based Educational Systems},
	Date-Added = {2012-07-13 18:24:16 +0000},
	Date-Modified = {2012-07-13 18:24:16 +0000},
	Pages = {11--18},
	Title = {A simple query interface for interoperable learning repositories},
	Year = {2005}}

@article{ternier2008interoperability,
	Author = {Ternier, S. and Duval, E. and Massart, D. and Campi, A. and Guinea, S. and Ceri, S.},
	Date-Added = {2012-07-13 17:56:52 +0000},
	Date-Modified = {2012-07-13 17:56:52 +0000},
	Journal = {D-Lib Magazine},
	Number = {1},
	Pages = {1},
	Title = {Interoperability for searching learning object repositories: the ProLearn query language},
	Volume = {14},
	Year = {2008}}

@book{da2006logica,
	Author = {da Silva, F.S.C. and Finger, M. and de Melo, A.C.V.},
	Date-Added = {2012-07-11 04:02:14 +0000},
	Date-Modified = {2012-07-11 04:02:14 +0000},
	Publisher = {Thomson Learning},
	Title = {L{\'o}gica para computa{\c{c}}{\~a}o},
	Year = {2006}}

@book{gersting2004fundamentos,
	Author = {Gersting, J.L.},
	Date-Added = {2012-07-11 03:33:09 +0000},
	Date-Modified = {2012-07-11 03:33:09 +0000},
	Publisher = {Livros T{\'e}cnicos e Cient{\'\i}ficos},
	Title = {Fundamentos matem{\'a}ticos para a ci{\^e}ncia da computa{\c{c}}{\~a}o: um tratamento moderno de matem{\'a}tica discreta},
	Year = {2004}}

@book{moreira2004logica,
	Author = {Nelma Moreira},
	Date-Added = {2012-07-11 03:26:05 +0000},
	Date-Modified = {2012-07-11 03:27:09 +0000},
	Publisher = {Departamento de Ci{\^e}ncia de Computadores da FCUP},
	Title = {L{\'o}gica Computacional},
	Year = {2004}}

@article{cassel2008computer,
	Author = {Cassel, L. and Clements, A. and Davies, G. and Guzdial, M. and McCauley, R. and McGettrick, A. and Sloan, R. and Snyder, L. and Tymann, P. and Weide, B.},
	Date-Added = {2012-07-10 22:50:27 +0000},
	Date-Modified = {2012-07-10 22:50:27 +0000},
	Journal = {Report from the interim review task force},
	Title = {Computer science curriculum 2008: An interim revision of CS 2001},
	Year = {2008}}

@article{bhatti2000integrating,
	Author = {Bhatti, N. and Bouch, A. and Kuchinsky, A.},
	Date-Added = {2012-07-10 20:25:03 +0000},
	Date-Modified = {2012-07-10 20:25:03 +0000},
	Journal = {Computer Networks},
	Number = {1},
	Pages = {1--16},
	Publisher = {Elsevier},
	Title = {Integrating user-perceived quality into web server design},
	Volume = {33},
	Year = {2000}}

@article{fielding2000representational,
	Author = {Fielding, R.},
	Date-Added = {2012-07-09 06:47:37 +0000},
	Date-Modified = {2012-07-09 06:47:37 +0000},
	Journal = {Architectural Styles and the Design of Network-based Software Architectures. University of California, Irvine},
	Pages = {120},
	Title = {Representational state transfer (REST)},
	Year = {2000}}

@inproceedings{vogten2006coppercore,
	Author = {Vogten, H. and Martens, H. and Nadolski, R. and Tattersall, C. and Van Rosmalen, P. and Koper, R.},
	Booktitle = {Advanced Learning Technologies, 2006. Sixth International Conference on},
	Date-Added = {2012-07-08 23:53:34 +0000},
	Date-Modified = {2012-07-08 23:53:34 +0000},
	Organization = {IEEE},
	Pages = {378--382},
	Title = {CopperCore Service Integration-Integrating IMS Learning Design and IMS Question and Test Interoperability},
	Year = {2006}}

@article{vogten2004coppercore,
	Author = {Vogten, H. and Martens, H.},
	Date-Added = {2012-07-06 03:07:20 +0000},
	Date-Modified = {2012-07-06 03:07:20 +0000},
	Journal = {SourceForge: http://sf. net/projects/coppercore},
	Title = {CopperCore},
	Year = {2004}}

@article{isotani2009ontology,
	Author = {Isotani, S. and Inaba, A. and Ikeda, M. and Mizoguchi, R.},
	Date-Added = {2012-06-18 01:59:55 +0000},
	Date-Modified = {2012-06-18 01:59:55 +0000},
	Journal = {International Journal of Computer-Supported Collaborative Learning},
	Number = {4},
	Pages = {445--478},
	Publisher = {Springer},
	Title = {An ontology engineering approach to the realization of theory-driven group formation},
	Volume = {4},
	Year = {2009}}

@article{hernandez2008generating,
	Author = {Hern\'{a}ndez-Leo, D. and Asensio-P\'{e}rez, J.I. and Dimitriadis, Y. and Villasclaras-Fern\'{a}ndez, E.D.},
	Date-Added = {2012-06-13 01:26:40 +0000},
	Date-Modified = {2012-06-13 01:30:54 +0000},
	Title = {GENERATING CSCL SCRIPTS},
	Year = {2008}}

@phdthesis{leo2007pattern,
	Author = {Leo, D.H. and P{\'e}rez, J.I.A. and Damoulis, I.D.},
	Date-Added = {2012-06-13 01:21:44 +0000},
	Date-Modified = {2012-06-13 01:21:44 +0000},
	School = {Tesis doctoral. ETSIT, Universidad de Valladolid},
	Title = {A pattern-based design process for the creation of CSCL macro-scripts computationally represented with IMS LD},
	Year = {2007}}

@book{alexander1977pattern,
	Author = {Alexander, Christopher and Ishikawa, Sara and Silverstein, Murray},
	Date-Added = {2012-06-13 01:13:27 +0000},
	Date-Modified = {2012-06-13 01:18:08 +0000},
	Edition = {2},
	Editor = {Hardcover},
	Keywords = {language, pattern},
	Month = {August},
	Publisher = {Oxford University Press},
	Title = {A Pattern Language: Towns, Buildings, Construction (Center for Environmental Structure Series)},
	Year = {1977}}

@book{PISA2001knowledge,
	Author = {PISA},
	Date-Added = {2012-06-08 22:14:22 +0000},
	Date-Modified = {2012-06-08 22:23:04 +0000},
	Editor = {Programme for International Student Assessment},
	Publisher = {Organisation for Economic Co-operation and Development},
	Title = {Knowledge and skills for life: first results from the OECD Programme for International Student Assessment (PISA) 2000},
	Year = {2001}}

@article{sicilia2005ontology,
	Author = {Sicilia, M.A.},
	Date-Added = {2012-06-08 05:27:11 +0000},
	Date-Modified = {2012-06-08 05:27:11 +0000},
	Journal = {Intelligent learning infrastructures in knowledge intensive organizations: A semantic web perspective},
	Pages = {302--324},
	Title = {Ontology-based competency management: Infrastructures for the knowledge-intensive learning organization},
	Year = {2005}}

@misc{lom2002,
	Author = {LOM},
	Date-Added = {2012-06-07 23:31:27 +0000},
	Date-Modified = {2012-06-07 23:34:18 +0000},
	Journal = {IEEE 1484.12. 1-2002},
	Title = {Learning Object Metadata Standard},
	Year = {2002}}

@inproceedings{melis2008interoperable,
	Author = {Melis, E. and Faulhaber, A. and Eichelmann, A. and Narciss, S.},
	Booktitle = {Intelligent Tutoring Systems},
	Date-Added = {2012-06-07 19:38:10 +0000},
	Date-Modified = {2012-06-07 19:38:10 +0000},
	Organization = {Springer},
	Pages = {416--425},
	Title = {Interoperable competencies characterizing learning objects in mathematics},
	Year = {2008}}

@inproceedings{wilkinson2001matter,
	Author = {Wilkinson, J.},
	Booktitle = {Advanced Learning Technologies, 2001. Proceedings. IEEE International Conference on},
	Date-Added = {2012-06-07 18:28:11 +0000},
	Date-Modified = {2012-06-07 18:28:11 +0000},
	Organization = {IEEE},
	Pages = {205--208},
	Title = {A matter of life or death: re-engineering competency-based education through the use of a multimedia CD-ROM},
	Year = {2001}}

@inproceedings{isotani2006integrated,
	Author = {Isotani, S. and Mizoguchi, R.},
	Booktitle = {Proceeding of the 2006 conference on Learning by Effective Utilization of Technologies: Facilitating Intercultural Understanding},
	Date-Added = {2012-01-16 04:02:59 +0000},
	Date-Modified = {2012-01-16 04:02:59 +0000},
	Organization = {IOS Press},
	Pages = {193--200},
	Title = {An integrated framework for fine-grained analysis and design of group learning activities},
	Year = {2006}}

@inproceedings{inaba2003learning,
	Author = {Inaba, A. and Ikeda, M. and Mizoguchi, R.},
	Booktitle = {Proc. of the International Conference on Artificial Intelligence in Education, Sydney},
	Date-Added = {2012-01-16 03:59:22 +0000},
	Date-Modified = {2012-01-16 03:59:22 +0000},
	Pages = {219--226},
	Title = {What Learning Patterns are Effective for a Learner's Growth?},
	Year = {2003}}

@article{isotani2010foundations,
	Author = {Isotani, S. and Mizoguchi, R. and Inaba, A. and Ikeda, M.},
	Date-Added = {2012-01-16 03:50:07 +0000},
	Date-Modified = {2012-01-16 03:50:07 +0000},
	Journal = {Computers \&amp; Education},
	Number = {4},
	Pages = {809--834},
	Publisher = {Elsevier},
	Title = {The foundations of a theory-aware authoring tool for CSCL design},
	Volume = {54},
	Year = {2010}}

@article{hayashi2006ontological,
	Author = {Hayashi, Y. and Bourdeau, J. and Mizoguchi, R.},
	Date-Added = {2012-01-16 02:25:55 +0000},
	Date-Modified = {2012-01-16 02:25:55 +0000},
	Journal = {Innovative Approaches for Learning and Knowledge Sharing},
	Pages = {155--169},
	Publisher = {Springer},
	Title = {Ontological support for a theory-eclectic approach to instructional and learning design},
	Year = {2006}}

@inproceedings{hernandez2005computacional,
	Author = {Davinia Hern\'{a}ndez-leo and Juan I. Asensio-p\'{e}rez and Yannis Dimitriadis},
	Booktitle = {IMS Learning Design -- Educational Technology and Society},
	Date-Added = {2012-01-16 02:16:57 +0000},
	Date-Modified = {2012-01-16 02:21:43 +0000},
	Pages = {75--89},
	Title = {Computational representation of Collaborative Learning Flow Patterns using},
	Volume = {8},
	Year = {2005}}

@article{villasclaras2009looking,
	Author = {Villasclaras-Fern{\'a}ndez, E.D. and Isotani, S. and Hayashi, Y. and Mizoguchi, R.},
	Date-Added = {2012-01-16 01:59:12 +0000},
	Date-Modified = {2012-01-16 01:59:12 +0000},
	Journal = {Frontiers in Artificial Intelligence and Applications},
	Title = {Looking into collaborative learning: Design from macro-and micro-script perspectives},
	Volume = {200},
	Year = {2009}}

@article{hernandez2009generating,
	Author = {Hern\'{a}ndez-Leo, D. and Villasclaras-Fern\'{a}ndez, ED and Asensio-P\'{e}rez, JI and Dimitriadis, Y.},
	Date-Added = {2012-01-16 01:52:55 +0000},
	Date-Modified = {2012-01-16 01:54:35 +0000},
	Journal = {E-learning Design Patterns Book, Sense Publishers},
	Title = {Generating CSCL scripts: From a conceptual model of pattern languages to the design of real scripts},
	Year = {2009}}

@webpage{oasis2006reference,
	Author = {OASIS, SOA Reference Model Technical Committee},
	Date-Added = {2012-01-16 01:45:23 +0000},
	Date-Modified = {2012-01-16 01:48:18 +0000},
	Lastchecked = {01-02-2011},
	Month = {October},
	Title = {Reference Model for Service Oriented Architecture v1.0},
	Url = {http://docs.oasis-open.org/soa-rm/v1.0/soa-rm.pdf},
	Year = {2006}}

@book{jonassen1996handbook,
	Author = {Jonassen, D.H. and Association for Educational Communications and Technology},
	Date-Added = {2012-01-16 00:47:47 +0000},
	Date-Modified = {2012-01-16 00:52:32 +0000},
	Edition = {1},
	Month = {August},
	Publisher = {Macmillan Library Reference},
	Title = {Handbook of Research on Educational Communications and Technology: A Project of the Association for Educational Communications and Technology},
	Year = {1996}}

@book{jonassen2004handbook,
	Address = {Mahwah, NJ},
	Author = {Jonassen, D.H. and Association for Educational Communications and Technology},
	Date-Added = {2012-01-16 00:41:21 +0000},
	Date-Modified = {2012-01-16 00:43:55 +0000},
	Edition = {2},
	Publisher = {Lawrence Erlbaum},
	Series = {AECT Series},
	Title = {Handbook of research on educational communications and technology},
	Year = {2004}}

@article{isotani2007planejamento,
	Author = {Isotani, S. and Mizoguchi, R.},
	Date-Added = {2012-01-15 20:29:16 +0000},
	Date-Modified = {2012-01-15 20:31:32 +0000},
	Journal = {Revista Brasileira de Inform\'{a}tica na Educa\c{c}\~{a}o},
	Number = {2},
	Title = {Planejamento e An\'{a}lise de Sess\~{o}es Colaborativas Utilizando Teorias de Aprendizagem e Ontologias},
	Volume = {15},
	Year = {2007}}

@inproceedings{miao2005cosmos,
	Author = {Miao, Y.},
	Booktitle = {Proceeding of the 2005 conference on Towards Sustainable and Scalable Educational Innovations Informed by the Learning Sciences: Sharing Good Practices of Research, Experimentation and Innovation},
	Date-Added = {2012-01-15 20:22:35 +0000},
	Date-Modified = {2012-01-15 20:22:35 +0000},
	Organization = {IOS Press},
	Pages = {275--282},
	Title = {CoSMoS: Facilitating learning designers to author units of learning using IMS LD},
	Year = {2005}}

@article{vrakas2007paser,
	Author = {Vrakas, D. and Tsoumakas, G. and Kokkoras, F. and Bassiliades, N. and Vlahavas, I. and Anagnostopoulos, D.},
	Date-Added = {2012-01-15 20:11:54 +0000},
	Date-Modified = {2012-01-15 20:11:54 +0000},
	Journal = {International Journal of Teaching and Case Studies},
	Number = {1},
	Pages = {159--170},
	Publisher = {Inderscience},
	Title = {PASER: a curricula synthesis system based on automated problem solving},
	Volume = {1},
	Year = {2007}}

@article{peachey1986using,
	Author = {Peachey, D.R. and McCalla, G.I.},
	Date-Added = {2012-01-15 20:04:07 +0000},
	Date-Modified = {2012-01-15 20:04:07 +0000},
	Journal = {International Journal of Man-Machine Studies},
	Number = {1},
	Pages = {77--98},
	Publisher = {Elsevier},
	Title = {Using planning techniques in intelligent tutoring systems},
	Volume = {24},
	Year = {1986}}

@book{woolf2008building,
	Author = {Woolf, B.P.},
	Date-Added = {2012-01-15 19:42:36 +0000},
	Date-Modified = {2012-01-15 20:38:45 +0000},
	Month = {September},
	Publisher = {Morgan Kaufmann},
	Title = {Building intelligent interactive tutors: Student-centered strategies for revolutionizing e-learning},
	Volume = {1},
	Year = {2008}}

@inproceedings{fernadez1988building,
	Address = {Montr{\'e}al},
	Author = {Fern{\'a}ndez, I. and D{\'\i}az, A. and Verdejo, MF},
	Booktitle = {Proceedings of the International Conference on Intelligent Tutoring Systems.},
	Date-Added = {2012-01-15 19:37:27 +0000},
	Date-Modified = {2012-01-15 19:39:02 +0000},
	Title = {Building a programming tutor by dynamic planning: case studies and a proposal},
	Year = {1988}}

@article{cerri1992nobile,
	Author = {Cerri, S.A. and Cheli, E. and McIntyre, A.},
	Date-Added = {2012-01-15 19:33:38 +0000},
	Date-Modified = {2012-01-15 19:33:38 +0000},
	Journal = {Adaptive Learning Environments, Computer and Systems Sciences, LNCS},
	Pages = {325--347},
	Title = {Nobile: user model acquisition in a natural laboratory},
	Volume = {85},
	Year = {1992}}

@article{van1998gte,
	Author = {Van Marcke, K.},
	Date-Added = {2012-01-15 19:26:07 +0000},
	Date-Modified = {2012-01-15 19:26:07 +0000},
	Journal = {Instructional Science},
	Number = {3},
	Pages = {147--191},
	Publisher = {Springer},
	Title = {GTE: An epistemological approach to instructional modelling},
	Volume = {26},
	Year = {1998}}

@phdthesis{isotani2009ontological,
	Address = {Institute of Scientific and Industrial Research, Osaka University, Japan},
	Author = {Seiji Isotani},
	Date-Added = {2012-01-15 19:20:29 +0000},
	Date-Modified = {2012-01-15 19:22:11 +0000},
	School = {Institute of Scientific and Industrial Research -- Universidade de Osaka (JP)},
	Title = {An Ontological Engineering Approach to Computer-Supported Collaborative Learning -- From Theory to Practice},
	Type = {PhD in Engineering - Information and Communication Technology},
	Year = {2009}}

@inproceedings{inaba2003models,
	Author = {Inaba, A. and Ohkubo, R. and Ikeda, M. and Mizoguchi, R.},
	Booktitle = {Proc. of the International Conference on Computers in Education, Hong Kong},
	Date-Added = {2012-01-15 19:11:52 +0000},
	Date-Modified = {2012-01-15 19:11:52 +0000},
	Pages = {1088--1096},
	Title = {Models and vocabulary to represent learner-to-learner interaction process in collaborative learning},
	Year = {2003}}

@inproceedings{leo2004ims,
	Author = {Leo, D.H. and P\'{e}rez, J.I.A. and Dimitriadis, Y.A.},
	Booktitle = {Advanced Learning Technologies, 2004. Proceedings. IEEE International Conference on},
	Date-Added = {2012-01-15 19:07:03 +0000},
	Date-Modified = {2012-01-15 19:09:14 +0000},
	Month = {August},
	Organization = {IEEE},
	Pages = {350--354},
	Title = {IMS learning design support for the formalization of collaborative learning patterns},
	Year = {2004}}

@techreport{kobbe2005framework,
	Author = {Kobbe, Lars},
	Date-Added = {2012-01-15 18:47:32 +0000},
	Date-Modified = {2012-01-15 18:51:52 +0000},
	Institution = {CoSSICLE},
	Journal = {Kaleidoscope Network of Excellence deliverable D},
	Keywords = {cscl, eLearning},
	Title = {Framework on multiple goal dimensions for computer-supported scripts},
	Volume = {2},
	Year = {2005}}

@article{vassileva1998dcg,
	Author = {Vassileva, J.},
	Date-Added = {2012-01-15 18:36:22 +0000},
	Date-Modified = {2012-01-15 18:36:38 +0000},
	Journal = {Instructional Science},
	Number = {3},
	Pages = {317--332},
	Publisher = {Springer},
	Title = {DCG+ GTE: Dynamic courseware generation with teaching expertise},
	Volume = {26},
	Year = {1998}}

@article{kobbe2007specifying,
	Author = {Kobbe, L. and Weinberger, A. and Dillenbourg, P. and Harrer, A. and H{\"a}m{\"a}l{\"a}inen, R. and H{\"a}kkinen, P. and Fischer, F.},
	Date-Added = {2012-01-15 18:27:25 +0000},
	Date-Modified = {2012-01-15 18:27:25 +0000},
	Journal = {International Journal of Computer-Supported Collaborative Learning},
	Number = {2},
	Pages = {211--224},
	Publisher = {Springer},
	Title = {Specifying computer-supported collaboration scripts},
	Volume = {2},
	Year = {2007}}

@article{kirschner2004designing,
	Author = {Kirschner, P. and Strijbos, J.W. and Kreijns, K. and Beers, P.J.},
	Date-Added = {2012-01-15 18:18:15 +0000},
	Date-Modified = {2012-01-15 18:18:15 +0000},
	Journal = {Educational Technology Research and Development},
	Number = {3},
	Pages = {47--66},
	Publisher = {Springer},
	Title = {Designing electronic collaborative learning environments},
	Volume = {52},
	Year = {2004}}

@article{weinberger2005epistemic,
	Author = {Weinberger, A. and Ertl, B. and Fischer, F. and Mandl, H.},
	Date-Added = {2012-01-15 18:08:16 +0000},
	Date-Modified = {2012-01-15 18:08:16 +0000},
	Journal = {Instructional Science},
	Number = {1},
	Pages = {1--30},
	Publisher = {Springer},
	Title = {Epistemic and social scripts in computer--supported collaborative learning},
	Volume = {33},
	Year = {2005}}

@book{wenger1987artificial,
	Address = {San Francisco, CA, USA},
	Author = {Wenger, Etienne},
	Date-Added = {2012-01-15 17:30:59 +0000},
	Date-Modified = {2012-01-15 17:37:15 +0000},
	Publisher = {Morgan Kaufmann Publishers Inc},
	Title = {Artificial intelligence and tutoring systems: computational and cognitive approaches to the communication of knowledge},
	Year = {1987}}

@inproceedings{wasson1996instructional,
	Author = {Wasson, B.},
	Booktitle = {Proceedings of the European Conference on Artificial Intelligence in Education},
	Date-Added = {2012-01-15 16:24:16 +0000},
	Date-Modified = {2012-01-15 16:24:16 +0000},
	Organization = {Colobri},
	Pages = {23--30},
	Title = {Instructional planning and contemporary theories of learning: Is this a self-contradiction?},
	Year = {1996}}

@article{ilghami2006documentation,
	Author = {Ilghami, O.},
	Date-Added = {2012-01-15 16:15:32 +0000},
	Date-Modified = {2012-01-15 16:15:32 +0000},
	Journal = {Department of Computer Science, University of Maryland, Tech. Rep},
	Title = {Documentation for JSHOP2},
	Year = {2006}}

@article{nau2003shop2,
	Author = {Nau, D.S. and Au, T.C. and Ilghami, O. and Kuter, U. and Murdock, J.W. and Wu, D. and Yaman, F.},
	Date-Added = {2012-01-15 16:06:10 +0000},
	Date-Modified = {2012-01-15 16:06:10 +0000},
	Journal = {J. Artif. Intell. Res. (JAIR)},
	Pages = {379--404},
	Title = {SHOP2: An HTN planning system},
	Volume = {20},
	Year = {2003}}

@book{ullrich2008pedagogically,
	Author = {Carsten Ullrich},
	Date-Added = {2012-01-15 15:59:08 +0000},
	Date-Modified = {2012-01-15 16:00:55 +0000},
	Month = {September},
	Number = {5260},
	Publisher = {Springer-Verlag},
	Series = {Lecture Notes in Artificial Intelligence},
	Title = {Pedagogically founded courseware generation for web-based learning: an HTN-planning-based approach implemented in PAIGOS},
	Year = {2008}}

@inproceedings{masato2008adaptive,
	Author = {Masato, D. and Norman, T.J. and Poltrock, S. and Bowyer, H. and Waggett, P.},
	Booktitle = {Proc. of the 2008 SISO European Simulation Interoperability Workshop, Edinburgh, UK},
	Date-Added = {2012-01-15 15:56:39 +0000},
	Date-Modified = {2012-01-15 15:56:39 +0000},
	Title = {Adaptive military behaviour in a collaborative simulation},
	Year = {2008}}

@inproceedings{menkovski2008ai,
	Address = {New York, NY, USA},
	Author = {Menkovski, Vlado and Metafas, Dimitrios},
	Booktitle = {Proceedings of the 3rd international conference on Digital Interactive Media in Entertainment and Arts},
	Date-Added = {2012-01-15 15:46:33 +0000},
	Date-Modified = {2012-01-15 15:54:14 +0000},
	Organization = {ACM},
	Pages = {295--302},
	Publisher = {ACM},
	Series = {DIMEA '08},
	Title = {AI Model for Computer games based on Case Based Reasoning and AI Planning},
	Year = {2008}}

@inproceedings{nau2001total,
	Author = {Nau, D. and Mu{\~n}oz-Avila, H. and Cao, Y. and Lotem, A. and Mitchell, S.},
	Booktitle = {International Joint Conference on Artificial Intelligence},
	Date-Added = {2012-01-15 14:49:43 +0000},
	Date-Modified = {2012-01-15 16:13:10 +0000},
	Organization = {LAWRENCE ERLBAUM ASSOCIATES LTD},
	Pages = {425--430},
	Title = {Total-order planning with partially ordered subtasks},
	Volume = {17},
	Year = {2001}}

@book{ghallab2004automated,
	Address = {San Francisco, CA},
	Author = {Ghallab, M. and Nau, D.S. and Traverso, P.},
	Date-Added = {2012-01-15 14:31:58 +0000},
	Date-Modified = {2012-01-15 14:34:15 +0000},
	Edition = {1},
	Month = {May},
	Publisher = {Morgan Kaufmann},
	Title = {Automated Planning: theory and practice},
	Year = {2004}}

@misc{IMS-LD,
	Author = {IMS-LD},
	Date-Added = {2012-01-15 06:31:19 +0000},
	Date-Modified = {2012-01-15 06:37:10 +0000},
	Howpublished = {IMS Global Learning Consortium},
	Title = {IMS Learning Design Best Practice and Implementation Guide},
	Year = {2003},
	Bdsk-Url-1 = {http://www.imsglobal.org/learningdesign/}}

@misc{IMS-CP,
	Author = {IMS-CP},
	Date-Added = {2012-01-15 06:31:19 +0000},
	Date-Modified = {2012-01-15 06:37:10 +0000},
	Howpublished = {IMS Global Learning Consortium},
	Title = {IMS Content Packaging Specification},
	Year = {2003},
	Bdsk-Url-1 = {http://www.imsglobal.org/content/packaging/}}

@article{van2006testing,
	Author = {Van Es, R. and Koper, R.},
	Date-Added = {2012-01-15 06:19:38 +0000},
	Date-Modified = {2012-01-15 06:24:45 +0000},
	Journal = {Jornal of Educational Technology and Society},
	Number = {1},
	Pages = {229--249},
	Title = {Testing the pedagogical expressiveness of IMS LD},
	Volume = {9},
	Year = {2006}}

@book{wiley2002instructional,
	Address = {Bloomington, Ind.},
	Date-Added = {2012-01-15 06:05:47 +0000},
	Date-Modified = {2012-01-15 06:28:33 +0000},
	Editor = {Wiley, David A.},
	Keywords = {databases, learning, object-oriented, objects},
	Month = {June},
	Publisher = {Agency for Instructional Technology : Association for Educational Communications and Technology},
	Title = {The instructional use of learning objects},
	Year = {2002},
	Bdsk-Url-1 = {http://reusability.org/read/#1}}

@conference{pinkwart2003plug,
	Author = {Pinkwart, N.},
	Booktitle = {Shaping the future of learning through intelligent technologies. Proceedings of the 11th Conference on Artificial Intelligence in Education},
	Date-Added = {2012-01-15 06:00:20 +0000},
	Date-Modified = {2012-01-15 06:03:38 +0000},
	Organization = {Citeseer},
	Pages = {535--536},
	Title = {A plug-in architecture for graph based collaborative modeling systems},
	Year = {2003}}

@inproceedings{isotani2010authoring,
	Author = {Isotani, S. and Mizoguchi, R. and Isotani, S. and Capeli, O. and Isotani, N. and de Albuquerque, A.},
	Booktitle = {Intelligent Tutoring Systems},
	Date-Added = {2012-01-15 05:48:32 +0000},
	Date-Modified = {2012-01-15 05:50:27 +0000},
	Editor = {Aleven, Vincent and Kay, Judy and Mostow, Jack},
	Organization = {Springer},
	Pages = {92--102},
	Publisher = {Springer Berlin - Heidelberg},
	Series = {Lecture Notes in Computer Science},
	Title = {An authoring tool to support the design and use of theory-based collaborative learning activities},
	Volume = {6095},
	Year = {2010}}

@article{hernandez2006collage,
	Author = {Hern\'{a}ndez-Leo, D. and Villasclaras-Fern\'{a}ndez, E.D. and Asensio-P\'{e}rez, J.I. and Dimitriadis, Y. and Jorr\'{i}n-Abell\'{a}n, I.M. and Ruiz-Requies, I. and Rubia-Avi, B.},
	Date-Added = {2012-01-15 05:37:03 +0000},
	Date-Modified = {2012-01-15 05:43:39 +0000},
	Journal = {Jornal of Educational Technology and Society},
	Number = {1},
	Pages = {58-71},
	Title = {COLLAGE: A collaborative Learning Design editor based on patterns},
	Volume = {9},
	Year = {2006}}

@misc{stahl2006computer,
	Author = {Stahl, G. and Koschmann, T. and Suthers, D.},
	Date-Added = {2012-01-15 05:24:44 +0000},
	Date-Modified = {2012-01-15 05:24:44 +0000},
	Publisher = {Cambridge handbook of the learning sciences. Cambridge, UK: Cambridge University Press},
	Title = {Computer-supported collaborative learning},
	Year = {2006}}

@book{vygotsky1978mind,
	Author = {Vygotsky, L. S.},
	Date-Added = {2012-01-15 05:08:32 +0000},
	Date-Modified = {2012-01-15 05:22:36 +0000},
	Edition = {14},
	Keywords = {mind, psychology, society, sociocultural},
	Month = {March},
	Publisher = {Harvard University Press},
	Title = {Mind in Society: The Development of Higher Psychological Processes},
	Year = {1978}}

@inproceedings{goodyear2004towards,
	Author = {Goodyear, P. and Avgeriou, P. and Baggetun, R. and Bartoluzzi, S. and Retalis, S. and Ronteltap, F. and Rusman, E.},
	Booktitle = {Proceedings of Networked Learning},
	Date-Added = {2011-12-07 04:22:34 +0000},
	Date-Modified = {2011-12-07 04:22:34 +0000},
	Pages = {449--455},
	Title = {Towards a pattern language for networked learning},
	Year = {2004},
	Bdsk-Url-1 = {http://www.networkedlearningconference.org.uk/past/nlc2004/proceedings/individual_papers/goodyear_et_al.htm}}

@article{garrido2008planning,
	Author = {Garrido, A. and Onaindia, E. and Sapena, O.},
	Date-Added = {2011-12-07 04:21:33 +0000},
	Date-Modified = {2011-12-07 04:21:33 +0000},
	Journal = {Engineering Applications of Artificial Intelligence},
	Number = {5},
	Pages = {733--743},
	Publisher = {Elsevier},
	Title = {Planning and scheduling in an e-learning environment. A constraint-programming-based approach},
	Volume = {21},
	Year = {2008}}

@article{gamboa2001designing,
	Author = {Gamboa, H. and Fred, A.},
	Date-Added = {2011-12-07 04:19:41 +0000},
	Date-Modified = {2011-12-07 04:19:41 +0000},
	Journal = {Enterprise information systems},
	Pages = {146},
	Title = {Designing intelligent tutoring systems: a bayesian approach},
	Volume = {3},
	Year = {2001}}

@inproceedings{de1988building,
	Author = {de Castro, MI and Sanchez, A. and Maillo, M.F.V.},
	Booktitle = {Proceedings of ITS},
	Date-Added = {2011-12-07 04:18:40 +0000},
	Date-Modified = {2011-12-07 04:18:40 +0000},
	Pages = {230--237},
	Title = {Building a programming tutor by dynamic planning: Case studies and a proposal},
	Volume = {88},
	Year = {1988}}

@inproceedings{fdez2006bringing,
	Author = {Fdez-Olivares, J. and Castillo, L. and Garc{\i}a-P{\'e}rez, O. and Palao, F.},
	Booktitle = {Proc. 16th International Conference on Automated Planning and Scheduling (ICAPS)},
	Date-Added = {2011-12-07 04:09:41 +0000},
	Date-Modified = {2012-01-15 15:01:07 +0000},
	Pages = {11--20},
	Publisher = {AAAI Press},
	Title = {Bringing users and planning technology together. Experiences in SIADEX},
	Year = {2006}}

@incollection{dillenbourg2007designing,
	Author = {Dillenbourg, Pierre and Jermann, Patrick},
	Booktitle = {Scripting Computer-Supported Collaborative Learning},
	Date-Added = {2011-12-07 04:01:16 +0000},
	Date-Modified = {2012-01-15 18:58:52 +0000},
	Editor = {Dillenbourg, Pierre and Fischer, Frank and Kollar, Ingo and Mandl, Heinz and Haake, J{\"o}rg M.},
	Journal = {Scripting Computer-Supported Collaborative Learning},
	Pages = {275--301},
	Publisher = {Springer US},
	Series = {Computer-Supported Collaborative Learning},
	Title = {Designing Integrative Scripts},
	Volume = {6},
	Year = {2007}}

@article{dillenbourg2002over,
	Author = {Dillenbourg, P.},
	Date-Added = {2011-12-07 03:59:16 +0000},
	Date-Modified = {2012-01-15 20:38:10 +0000},
	Journal = {Three worlds of CSCL: Can we support CSCL},
	Title = {Over-scripting CSCL: The risks of blending collaborative learning with instructional design.},
	Year = {2002}}

@article{brusilovsky2003course,
	Author = {Brusilovsky, P. and Vassileva, J.},
	Date-Added = {2011-12-07 03:56:57 +0000},
	Date-Modified = {2011-12-07 03:56:57 +0000},
	Journal = {International Journal of Continuing Engineering Education and Life Long Learning},
	Number = {1},
	Pages = {75--94},
	Publisher = {Inderscience},
	Title = {Course sequencing techniques for large-scale web-based education},
	Volume = {13},
	Year = {2003}}

@inproceedings{belker2003learning,
	Author = {Belker, T. and Hammel, M. and Hertzberg, J.},
	Booktitle = {Robotics and Automation, 2003. Proceedings. ICRA'03. IEEE International Conference on},
	Date-Added = {2011-12-07 03:53:35 +0000},
	Date-Modified = {2011-12-07 03:53:35 +0000},
	Organization = {IEEE},
	Pages = {4136--4141},
	Title = {Learning to optimize mobile robot navigation based on HTN plans},
	Volume = {3},
	Year = {2003}}

@techreport{toska1991toska,
	Address = {Friendrichshafe: Dornier},
	Author = {Toska},
	Date-Added = {2011-12-06 02:56:21 +0000},
	Date-Modified = {2012-01-15 19:34:49 +0000},
	Institution = {CEC Delta Project D1007},
	Title = {TOSKA final report},
	Year = {1991}
}

@techreport{erol1990epos,
	Address = {Milano: Dida*El},
	Author = {Erol, N.},
	Date-Added = {2011-12-06 02:39:27 +0000},
	Date-Modified = {2012-01-15 20:42:30 +0000},
	Institution = {ECOLE},
	Number = {1C 90-02-02},
	Title = {EPOS collaborative learning environment.},
	Type = {DELTA Project EPOS D7002},
	Year = {1990}}

@online{NCCCS2012,
	ALTauthor = {NCCCS},
	ALTeditor = {North Carolina Community College System},
	title = {North Carolina Learning Object Respository},
	date = {2012-08-18},
	url = {http://www.nclor.org/},
	OPTsubtitle = {NC ExpLORe},
	OPTorganization = {North Carolina Community College System},
	OPTurldate = {2012-08-18}}

@article{kaplan1995new,
	title={New directions for intelligent tutoring},
	author={Kaplan, R. and Rock, D.},
	journal={AI Expert},
	volume={10},
	number={2},
	pages={30--40},
	year={1995},
	publisher={[San Francisco, CA: CL Publications, Inc., c1986}}

